<record><leader>00000cas a22000007a 4500</leader><controlfield tag="001">21783811</controlfield><controlfield tag="008">900612d190519uuohudn ne      0    0eng d</controlfield><datafield ind1=" " ind2=" " tag="010"><subfield code="a">sn 90068420 </subfield></datafield><datafield ind1=" " ind2=" " tag="040"><subfield code="a">ONP</subfield><subfield code="b">eng</subfield><subfield code="c">ONP</subfield><subfield code="d">OCLCQ</subfield></datafield><datafield ind1=" " ind2=" " tag="042"><subfield code="a">msc</subfield></datafield><datafield ind1="0" ind2=" " tag="130"><subfield code="a">St. Marys evening leader (Saint Marys, Ohio : 1905)</subfield></datafield><datafield ind1="1" ind2="0" tag="245"><subfield code="a">St. Marys evening leader.</subfield></datafield><datafield ind1="3" ind2="0" tag="246"><subfield code="a">Saint Marys evening leader</subfield></datafield><datafield ind1=" " ind2=" " tag="260"><subfield code="a">St. Marys, Ohio :</subfield><subfield code="b">Leader Print. Co.,</subfield><subfield code="c">1905-</subfield></datafield><datafield ind1=" " ind2=" " tag="300"><subfield code="a">v.</subfield></datafield><datafield ind1=" " ind2=" " tag="310"><subfield code="a">Daily (except Sun.)</subfield></datafield><datafield ind1="0" ind2=" " tag="362"><subfield code="a">Vol. 3, no. 248 (Jan. 16, 1905)-</subfield></datafield><datafield ind1=" " ind2=" " tag="752"><subfield code="a">United States</subfield><subfield code="b">Ohio</subfield><subfield code="c">Auglaize</subfield><subfield code="d">Saint Marys.</subfield></datafield><datafield ind1="0" ind2="0" tag="780"><subfield code="t">Daily news (St. Marys, Ohio)</subfield><subfield code="w">(DLC)sn 90068121</subfield></datafield><datafield ind1="0" ind2="0" tag="785"><subfield code="t">Evening leader (St. Marys, Ohio)</subfield><subfield code="w">(DLC)sn 83002051</subfield></datafield></record>